@software{indic_transliteration_py,
    author = {{Sanskrit Programmers}},
    title = {Indic transliteration python pip package},
    howpublished = {\url{https://github.com/indic-transliteration/indic_transliteration_py}},
    version = {2.3.25},
    date = {2022-03-19},
    year = "2022",
}
@software{doc_curation,
    author = {{Vishvas Vasuki}},
    title = {Doc curation python pip package},
    howpublished = {\url{https://github.com/sanskrit-coders/doc_curation}},
    version = {0.1.9},
    date = {2022-03-19},
    year = "2022",
}
@software{dict_curation,
    author = {{Vishvas Vasuki}},
    title = {Dict curation python pip package},
    howpublished = {\url{https://github.com/indic-dict/dict-curation}},
    version = {0.0.3},
    date = {2021-03-19},
    year = "2021",
}
@software{dict_tools,
    author = {{Vishvas Vasuki}},
    title = {Dict tools scala package},
    howpublished = {\url{https://github.com/indic-dict/dict-tools}},
    version = {0.3.0},
    date = {2022-03-19},
    year = "2022",
}
@misc{stardict_index,
    author = {{Vishvas Vasuki}},
    title = {Stardict Indic dictionary index},
    howpublished = {\url{https://github.com/indic-dict/stardict-index}},
    version = {0.0.154},
    date = {2022-03-19},
    year = "2022",
}
@misc{stardict_sanskrit,
    author = {{Indic dict contributors}},
    title = {Stardict Sanskrit dictionary collection},
    howpublished = {\url{https://github.com/indic-dict/stardict-sanskrit}},
    version = {0.0.214},
    date = {2022-03-19},
    year = "2022",
}
@misc{stardict_gujarati,
    author = {{Indic dict contributors}},
    title = {Stardict Gujarati dictionary collection},
    howpublished = {\url{https://github.com/indic-dict/stardict-gujarati}},
    version = {0.0.66},
    date = {2022-03-19},
    year = "2022",
}
@misc{osx_sanskrit,
    author = {{Indic dict contributors}},
    title = {OS-X Sanskrit dictionary collection},
    howpublished = {\url{https://github.com/indic-dict/osx-sanskrit}},
    version = {0.0.1},
    date = {2022-01-19},
    year = "2021",
}
