@software{hugo,
    author = {{Hugo Authors}},
    title = {Hugo},
    howpublished = {\url{https://gohugo.io/}},
    version = {0.95.0},
    date = {2022-03-19},
    year = "2022",
}
@software{jekyll,
    author = {{Jekyll Authors}},
    title = {Jekyll},
    howpublished = {\url{https://jekyllrb.com/}},
    version = {0.95.0},
    date = {2022-03-19},
    year = "2022",
}
@software{commonmark,
    author = {{John MacFarlane et al.}},
    title = {CommonMark Markdown specification},
    howpublished = {\url{https://commonmark.org/}},
    version = {0.30.0},
    date = {2021-06-19},
    year = "2021",
}
@software{sandoc_hugo,
    author = {{Vishvas Vasuki}},
    title = {Sanskrit Documentation Theme for Hugo},
    howpublished = {\url{https://github.com/sanskrit-coders/sanskrit-documentation-theme-hugo}},
    version = {0.0.560},
    date = {2022-03-19},
    year = "2022",
}
@software{sandoc_jekyll,
    author = {{Vishvas Vasuki}},
    title = {Sanskrit Documentation Theme for Jekyll},
    howpublished = {\url{https://github.com/sanskrit-coders/sanskrit-documentation-theme}},
    version = {0.0.110},
    date = {2020-12-01},
    year = "2020",
}
@misc{avinash_audio,
    author = {{Avinash Varna}},
    title = {Text-aligned Sanskrit recitations on a friendly website},
    howpublished = {\url{https://avinashvarna.github.io/audio_alignment/}},
    date = {2022-03-19},
    year = "2022",
}
@misc{vishvAsa_kalpAntaram,
    author = {{Vishvas Vasuki}},
    title = {Kalpāntarē viśvāsa-ṭippanyaḥ},
    howpublished = {\url{https://vishvasa.github.io/kalpAntaram/}},
    date = {2022-03-19},
    year = "2022",
}
@software{vishvAsa_kalpAntaram_src,
    author = {{Vishvas Vasuki}},
    title = {Kalpāntarē viśvāsa-ṭippanyaḥ - Sources},
    howpublished = {\url{https://github.com/vishvAsa/kalpAntaram/}},
    version = {0.0.110},
    date = {2022-03-19},
    year = "2022",
}
@misc{vishvAsa_kannada,
    author = {{Vishvas Vasuki}},
    title = {Kannaḍadalli viśvāsa-ṭippanigaḷu},
    howpublished = {\url{https://vishvasa.github.io/kannada/}},
    date = {2022-03-19},
    year = "2022",
}
@misc{vishvAsa_bhAShAntaram,
    author = {{Vishvas Vasuki}},
    title = {Bhāṣāntarēṣu viśvāsa-ṭippanyaḥ},
    howpublished = {\url{https://vishvasa.github.io/bhAShAntaram/}},
    date = {2022-03-19},
    year = "2022",
}
@software{indic_transliteration_py,
    author = {{Sanskrit Programmers}},
    title = {Indic transliteration python pip package},
    howpublished = {\url{https://github.com/indic-transliteration/indic_transliteration_py}},
    version = {2.3.25},
    date = {2022-03-19},
    year = "2022",
}
@software{sanscript_js,
    author = {{Sanskrit Programmers}},
    title = {Sanscript package},
    howpublished = {\url{https://github.com/indic-transliteration/sanscript.js}},
    version = {2.3.25},
    date = {2022-03-19},
    year = "2022",
}
@software{doc_curation,
    author = {{Vishvas Vasuki}},
    title = {Doc curation python pip package},
    howpublished = {\url{https://github.com/sanskrit-coders/doc_curation}},
    version = {0.1.9},
    date = {2022-03-19},
    year = "2022",
}
@software{jyotisha_py,
    author = {{Karthik Raman and Vishvas Vasuki}},
    title = {Jyotisha Python Pip package},
    howpublished = {\url{https://github.com/jyotisham/jyotisha}},
    version = {2.3.25},
    date = {2022-03-19},
    year = "2022",
}
@software{toml,
    author = {{Tom Preston-Werner, Pradyun Gedam, et al}},
    title = {TOML},
    howpublished = {\url{https://toml.io/en/v1.0.0}},
    version = {1.0.0},
    date = {2022-03-19},
    year = "2022",
}
